@article{barankin1949locally,
  title={Locally best unbiased estimates},
  author={Barankin, EW},
  journal={Annals Math. Stat.},
  pages={477--501},
  year={1949},
  publisher={JSTOR}
}

@article{mcaulay1971barankin,
  title={Barankin bounds on parameter estimation},
  author={McAulay, R and Hofstetter, E},
  journal={IEEE Trans. Inf. Theory},
  volume={17},
  number={6},
  pages={669--676},
  year={1971},
  publisher={IEEE}
}

@misc{NIST:DLMF,
         key = "{\relax DLMF}",
       title = "{NIST Digital Library of Mathematical Functions}",
howpublished = "http://dlmf.nist.gov/, Release 1.0.8 of 2014-04-25",
         url = "http://dlmf.nist.gov/",
        note = "Online companion to \cite{Olver:2010:NHMF}"}

@book{Olver:2010:NHMF,
      editor = "F.~W.~J. Olver and D.~W. Lozier and R.~F. Boisvert and C.~W. Clark",
       title = "{NIST Handbook of Mathematical Functions}",
   publisher = "Cambridge University Press",
     address = "New York, NY",
        year = "2010",
        note = "Print companion to \cite{NIST:DLMF}"}

@article{Grover:2013,
   author = {{Grover}, K. and {Fairhurst}, S. and {Farr}, B.~F. and {Mandel}, I. and 
	{Rodriguez}, C. and {Sidery}, T. and {Vecchio}, A.},
    title = "{Comparison of gravitational wave detector network sky localization approximations}",
  journal = {\prd},
archivePrefix = "arXiv",
   eprint = {1310.7454},
 primaryClass = "gr-qc",
 keywords = {Gravitational wave detectors and experiments, Numerical studies of black holes and black-hole binaries, Gravitational waves: theory},
     year = 2014,
    month = feb,
   volume = 89,
   number = 4,
      eid = {042004},
    pages = {042004},
      doi = {10.1103/PhysRevD.89.042004},
   adsurl = {http://adsabs.harvard.edu/abs/2014PhRvD..89d2004G},
  adsnote = {Provided by the SAO/NASA Astrophysics Data System}
}

@ARTICLE{KilonovaPrecursor,
   author = {{Metzger}, B.~D. and {Bauswein}, A. and {Goriely}, S. and {Kasen}, D.
	},
    title = "{Neutron-powered precursors of kilonovae}",
  journal = {ArXiv e-prints},
archivePrefix = "arXiv",
   eprint = {1409.0544},
 primaryClass = "astro-ph.HE",
 keywords = {Astrophysics - High Energy Astrophysical Phenomena, Astrophysics - Cosmology and Nongalactic Astrophysics},
     year = 2014,
    month = sep,
   adsurl = {http://adsabs.harvard.edu/abs/2014arXiv1409.0544M},
  adsnote = {Provided by the SAO/NASA Astrophysics Data System}
}

@ARTICLE{1986ApJ...308L..43P,
   author = {{Paczynski}, B.},
    title = "{Gamma-ray bursters at cosmological distances}",
  journal = {\apjl},
 keywords = {Astronomical Models, Cosmology, Distance, Gamma Ray Bursts, Gravitational Lenses, Black Body Radiation, Electron-Positron Plasmas, Galactic Radiation, Temporal Distribution},
     year = 1986,
    month = sep,
   volume = 308,
    pages = {L43-L46},
      doi = {10.1086/184740},
   adsurl = {http://adsabs.harvard.edu/abs/1986ApJ...308L..43P},
  adsnote = {Provided by the SAO/NASA Astrophysics Data System}
}

@ARTICLE{1989Natur.340..126E,
   author = {{Eichler}, D. and {Livio}, M. and {Piran}, T. and {Schramm}, D.~N.
	},
    title = "{Nucleosynthesis, neutrino bursts and gamma-rays from coalescing neutron stars}",
  journal = {\nat},
 keywords = {Gamma Ray Bursts, Neutrinos, Neutron Stars, Nuclear Fusion, Binary Stars, Gravitational Effects, Gravity Waves, Hubble Constant, Pulsars},
     year = 1989,
    month = jul,
   volume = 340,
    pages = {126-128},
      doi = {10.1038/340126a0},
   adsurl = {http://adsabs.harvard.edu/abs/1989Natur.340..126E},
  adsnote = {Provided by the SAO/NASA Astrophysics Data System}
}

@ARTICLE{1992ApJ...395L..83N,
   author = {{Narayan}, R. and {Paczynski}, B. and {Piran}, T.},
    title = "{Gamma-ray bursts as the death throes of massive binary stars}",
  journal = {\apjl},
   eprint = {astro-ph/9204001},
 keywords = {Binary Stars, Black Holes (Astronomy), Gamma Ray Bursts, Massive Stars, Neutron Stars, Computational Astrophysics, Electron-Positron Pairs, Gravitational Waves, Neutrinos, Stellar Magnetic Fields, Stellar Models},
     year = 1992,
    month = aug,
   volume = 395,
    pages = {L83-L86},
      doi = {10.1086/186493},
   adsurl = {http://adsabs.harvard.edu/abs/1992ApJ...395L..83N},
  adsnote = {Provided by the SAO/NASA Astrophysics Data System}
}

@ARTICLE{2011ApJ...732L...6R,
   author = {{Rezzolla}, L. and {Giacomazzo}, B. and {Baiotti}, L. and {Granot}, J. and 
	{Kouveliotou}, C. and {Aloy}, M.~A.},
    title = "{The Missing Link: Merging Neutron Stars Naturally Produce Jet-like Structures and Can Power Short Gamma-ray Bursts}",
  journal = {\apjl},
archivePrefix = "arXiv",
   eprint = {1101.4298},
 primaryClass = "astro-ph.HE",
 keywords = {black hole physics, gamma-ray burst: general, gravitational waves, magnetohydrodynamics: MHD, methods: numerical, stars: neutron},
     year = 2011,
    month = may,
   volume = 732,
      eid = {L6},
    pages = {L6},
      doi = {10.1088/2041-8205/732/1/L6},
   adsurl = {http://adsabs.harvard.edu/abs/2011ApJ...732L...6R},
  adsnote = {Provided by the SAO/NASA Astrophysics Data System}
}

@ARTICLE{2013ApJ...776L..34S,
   author = {{Singer}, L.~P. and {Cenko}, S.~B. and {Kasliwal}, M.~M. and 
	{Perley}, D.~A. and {Ofek}, E.~O. and {Brown}, D.~A. and {Nugent}, P.~E. and 
	{Kulkarni}, S.~R. and {Corsi}, A. and {Frail}, D.~A. and {Bellm}, E. and 
	{Mulchaey}, J. and {Arcavi}, I. and {Barlow}, T. and {Bloom}, J.~S. and 
	{Cao}, Y. and {Gehrels}, N. and {Horesh}, A. and {Masci}, F.~J. and 
	{McEnery}, J. and {Rau}, A. and {Surace}, J.~A. and {Yaron}, O.
	},
    title = "{Discovery and Redshift of an Optical Afterglow in 71 deg$^{2}$: iPTF13bxl and GRB 130702A}",
  journal = {\apjl},
archivePrefix = "arXiv",
   eprint = {1307.5851},
 primaryClass = "astro-ph.HE",
 keywords = {gamma-ray burst: individual: GRB 130702A},
     year = 2013,
    month = oct,
   volume = 776,
      eid = {L34},
    pages = {L34},
      doi = {10.1088/2041-8205/776/2/L34},
   adsurl = {http://adsabs.harvard.edu/abs/2013ApJ...776L..34S},
  adsnote = {Provided by the SAO/NASA Astrophysics Data System}
}

@article{MostPromisingEMCounterpart,
	Adsnote = {Provided by the SAO/NASA Astrophysics Data System},
	Adsurl = {http://adsabs.harvard.edu/abs/2012ApJ...746...48M},
	Archiveprefix = {arXiv},
	Author = {{Metzger}, B.~D. and {Berger}, E.},
	Doi = {10.1088/0004-637X/746/1/48},
	Eid = {48},
	Eprint = {1108.6056},
	Journal = {\apj},
	Keywords = {gamma-ray burst: general, gravitational waves, stars: neutron, surveys},
	Month = feb,
	Pages = {48},
	Primaryclass = {astro-ph.HE},
	Title = {{What is the Most Promising Electromagnetic Counterpart of a Neutron Star Binary Merger?}},
	Volume = 746,
	Year = 2012,
	Bdsk-Url-1 = {http://dx.doi.org/10.1088/0004-637X/746/1/48}}

@article{FairhurstTriangulation,
   author = {{Fairhurst}, S.},
    title = "{Triangulation of gravitational wave sources with a network of detectors}",
  journal = {New Journal of Physics},
archivePrefix = "arXiv",
   eprint = {0908.2356},
 primaryClass = "gr-qc",
     year = 2009,
    month = dec,
   volume = 11,
   number = 12,
      eid = {123006},
    pages = {123006},
      doi = {10.1088/1367-2630/11/12/123006},
   adsurl = {http://adsabs.harvard.edu/abs/2009NJPh...11l3006F},
  adsnote = {Provided by the SAO/NASA Astrophysics Data System}
}

@article{FairhurstLocalizationAdvancedLIGO,
	Adsnote = {Provided by the SAO/NASA Astrophysics Data System},
	Adsurl = {http://adsabs.harvard.edu/abs/2011CQGra..28j5021F},
	Archiveprefix = {arXiv},
	Author = {Fairhurst, S.},
	Doi = {10.1088/0264-9381/28/10/105021},
	Eid = {105021},
	Eprint = {1010.6192},
	Journal = {Class. Quantum Grav.},
	Month = may,
	Number = 10,
	Pages = {105021},
	Primaryclass = {gr-qc},
	Title = {{Source localization with an advanced gravitational wave detector network}},
	Volume = 28,
	Year = 2011,
	Bdsk-Url-1 = {http://dx.doi.org/10.1088/0264-9381/28/10/105021}}

@article{WenLocalizationAdvancedLIGO,
	Adsnote = {Provided by the SAO/NASA Astrophysics Data System},
	Adsurl = {http://adsabs.harvard.edu/abs/2010PhRvD..81h2001W},
	Archiveprefix = {arXiv},
	Author = {{Wen}, L. and {Chen}, Y.},
	Doi = {10.1103/PhysRevD.81.082001},
	Eid = {082001},
	Eprint = {1003.2504},
	Journal = {\prd},
	Keywords = {Gravitational wave detectors and experiments, Observation and data reduction techniques, computer modeling and simulation, Pulsars, Binary and multiple stars},
	Month = apr,
	Number = 8,
	Pages = {082001},
	Primaryclass = {astro-ph.CO},
	Title = {{Geometrical expression for the angular resolution of a network of gravitational-wave detectors}},
	Volume = 81,
	Year = 2010,
	Bdsk-Url-1 = {http://dx.doi.org/10.1103/PhysRevD.81.082001}}

@ARTICLE{2011PhRvD..84j4020V,
   author = {{Vitale}, S. and {Zanolin}, M.},
    title = "{Application of asymptotic expansions for maximum likelihood estimators' errors to gravitational waves from inspiraling binary systems: The network case}",
  journal = {\prd},
archivePrefix = "arXiv",
   eprint = {1108.2410},
 primaryClass = "gr-qc",
 keywords = {Wave generation and sources, Experimental tests of gravitational theories},
     year = 2011,
    month = nov,
   volume = 84,
   number = 10,
      eid = {104020},
    pages = {104020},
      doi = {10.1103/PhysRevD.84.104020},
   adsurl = {http://adsabs.harvard.edu/abs/2011PhRvD..84j4020V},
  adsnote = {Provided by the SAO/NASA Astrophysics Data System}
}

@article{RodriguezBasicParameterEstimation,
   author = {{Rodriguez}, C.~L. and {Farr}, B. and {Raymond}, V. and {Farr}, W.~M. and 
	{Littenberg}, T.~B. and {Fazi}, D. and {Kalogera}, V.},
    title = "{Basic Parameter Estimation of Binary Neutron Star Systems by the Advanced LIGO/Virgo Network}",
  journal = {\apj},
archivePrefix = "arXiv",
   eprint = {1309.3273},
 primaryClass = "astro-ph.HE",
 keywords = {gravitational waves, stars: neutron },
     year = 2014,
    month = apr,
   volume = 784,
      eid = {119},
    pages = {119},
      doi = {10.1088/0004-637X/784/2/119},
   adsurl = {http://adsabs.harvard.edu/abs/2014ApJ...784..119R},
  adsnote = {Provided by the SAO/NASA Astrophysics Data System}
}

@article{NissankeLocalization,
	Adsnote = {Provided by the SAO/NASA Astrophysics Data System},
	Adsurl = {http://adsabs.harvard.edu/abs/2011ApJ...739...99N},
	Archiveprefix = {arXiv},
	Author = {{Nissanke}, S. and {Sievers}, J. and {Dalal}, N. and {Holz}, D.},
	Doi = {10.1088/0004-637X/739/2/99},
	Eid = {99},
	Eprint = {1105.3184},
	Journal = {\apj},
	Keywords = {gamma-ray burst: general, gravitational waves, stars: neutron, surveys},
	Month = oct,
	Pages = {99},
	Primaryclass = {astro-ph.CO},
	Title = {{Localizing Compact Binary Inspirals on the Sky Using Ground-based Gravitational Wave Interferometers}},
	Volume = 739,
	Year = 2011,
	Bdsk-Url-1 = {http://dx.doi.org/10.1088/0004-637X/739/2/99}}

@article{NissankeKasliwalEMCounterparts,
	Author = {Samaya Nissanke and Mansi Kasliwal and Alexandra Georgieva},
	Journal = {\apj},
	Number = {2},
	Pages = {124},
	Title = {Identifying Elusive Electromagnetic Counterparts to Gravitational Wave Mergers: An End-to-end Simulation},
	Url = {http://stacks.iop.org/0004-637X/767/i=2/a=124},
	Volume = {767},
	Year = {2013},
	Bdsk-Url-1 = {http://stacks.iop.org/0004-637X/767/i=2/a=124}}

@article{KasliwalTwoDetectors,
   author = {{Kasliwal}, M.~M. and {Nissanke}, S.},
    title = "{On Discovering Electromagnetic Emission from Neutron Star Mergers: The Early Years of Two Gravitational Wave Detectors}",
  journal = {\apjl},
archivePrefix = "arXiv",
   eprint = {1309.1554},
 primaryClass = "astro-ph.HE",
 keywords = {binaries: close, catalogs, gravitational waves, stars: neutron, surveys },
     year = 2014,
    month = jul,
   volume = 789,
      eid = {L5},
    pages = {L5},
      doi = {10.1088/2041-8205/789/1/L5},
   adsurl = {http://adsabs.harvard.edu/abs/2014ApJ...789L...5K},
  adsnote = {Provided by the SAO/NASA Astrophysics Data System}
}

@article{SiderySkyLocalizationComparison,
   author = {{Sidery}, T. and {Aylott}, B. and {Christensen}, N. and {Farr}, B. and 
	{Farr}, W. and {Feroz}, F. and {Gair}, J. and {Grover}, K. and 
	{Graff}, P. and {Hanna}, C. and {Kalogera}, V. and {Mandel}, I. and 
	{O'Shaughnessy}, R. and {Pitkin}, M. and {Price}, L. and {Raymond}, V. and 
	{R{\"o}ver}, C. and {Singer}, L. and {van der Sluys}, M. and 
	{Smith}, R.~J.~E. and {Vecchio}, A. and {Veitch}, J. and {Vitale}, S.
	},
    title = "{Reconstructing the sky location of gravitational-wave detected compact binary systems: Methodology for testing and comparison}",
  journal = {\prd},
archivePrefix = "arXiv",
   eprint = {1312.6013},
 primaryClass = "astro-ph.IM",
 keywords = {Gravitational waves: theory, Late stages of stellar evolution, Binary and multiple stars, Mathematical procedures and computer techniques},
     year = 2014,
    month = apr,
   volume = 89,
   number = 8,
      eid = {084060},
    pages = {084060},
      doi = {10.1103/PhysRevD.89.084060},
   adsurl = {http://adsabs.harvard.edu/abs/2014PhRvD..89h4060S},
  adsnote = {Provided by the SAO/NASA Astrophysics Data System}
}

@ARTICLE{FirstTwoYears,
   author = {{Singer}, L.~P. and {Price}, L.~R. and {Farr}, B. and {Urban}, A.~L. and 
	{Pankow}, C. and {Vitale}, S. and {Veitch}, J. and {Farr}, W.~M. and 
	{Hanna}, C. and {Cannon}, K. and {Downes}, T. and {Graff}, P. and 
	{Haster}, C.-J. and {Mandel}, I. and {Sidery}, T. and {Vecchio}, A.
	},
    title = "{The First Two Years of Electromagnetic Follow-Up with Advanced LIGO and Virgo}",
  journal = {ArXiv e-prints},
archivePrefix = "arXiv",
   eprint = {1404.5623},
 primaryClass = "astro-ph.HE",
 keywords = {Astrophysics - High Energy Astrophysical Phenomena, Astrophysics - Instrumentation and Methods for Astrophysics, General Relativity and Quantum Cosmology},
     year = 2014,
    month = apr,
   adsurl = {http://adsabs.harvard.edu/abs/2014arXiv1404.5623S},
  adsnote = {Provided by the SAO/NASA Astrophysics Data System}
}

@article{LIGOObservingScenarios,
	Author = {Aasi, J. and {Abadie}, J. and {Abbott}, B.~P. and {Abbott}, R. and {Abbott}, T.~D. and {Abernathy}, M. and {Accadia}, T. and {Acernese}, F. and et al.},
	Journal = {arXiv:1304.0670},
	Month = apr,
	Title = {{Prospects for Localization of Gravitational Wave Transients by the Advanced LIGO and Advanced Virgo Observatories}},
	Year = 2013}

@ARTICLE{LCGT,
   author = {{Kuroda}, K.},
    title = "{Large-Scale Gravitational Wave Telescope (lcgt)}",
  journal = {International Journal of Modern Physics D},
 keywords = {Gravitational wave, laser interferometer, cryogenics, underground},
     year = 2011,
   volume = 20,
    pages = {1755-1770},
      doi = {10.1142/S0218271811019839},
   adsurl = {http://adsabs.harvard.edu/abs/2011IJMPD..20.1755K},
  adsnote = {Provided by the SAO/NASA Astrophysics Data System}
}

@ARTICLE{KAGRAInterferometerDesign,
   author = {{Aso}, Y. and {Michimura}, Y. and {Somiya}, K. and {Ando}, M. and 
	{Miyakawa}, O. and {Sekiguchi}, T. and {Tatsumi}, D. and {Yamamoto}, H.
	},
    title = "{Interferometer design of the KAGRA gravitational wave detector}",
  journal = {\prd},
archivePrefix = "arXiv",
   eprint = {1306.6747},
 primaryClass = "gr-qc",
 keywords = {Gravitational radiation detectors, mass spectrometers, and other instrumentation and techniques, Resonators cavities amplifiers arrays and rings},
     year = 2013,
    month = aug,
   volume = 88,
   number = 4,
      eid = {043007},
    pages = {043007},
      doi = {10.1103/PhysRevD.88.043007},
   adsurl = {http://adsabs.harvard.edu/abs/2013PhRvD..88d3007A},
  adsnote = {Provided by the SAO/NASA Astrophysics Data System}
}

@ARTICLE{LIGOIndia,
   author = {{Unnikrishnan}, C.~S.},
    title = "{IndIGO and Ligo-India Scope and Plans for Gravitational Wave Research and Precision Metrology in India}",
  journal = {International Journal of Modern Physics D},
 keywords = {Gravitational waves, advanced LIGO, LIGO-India, interferometer, gravitational wave detector, Gravitational-wave astrophysics, Gravitational radiation magnetic fields and other observations, Gravitational wave detectors and experiments, Gravitational radiation detectors, mass spectrometers, and other instrumentation and techniques},
     year = 2013,
    month = jan,
   volume = 22,
      eid = {1341010},
    pages = {41010},
      doi = {10.1142/S0218271813410101},
   adsurl = {http://adsabs.harvard.edu/abs/2013IJMPD..2241010U},
  adsnote = {Provided by the SAO/NASA Astrophysics Data System}
}

@ARTICLE{S6PE,
   author = {{Aasi}, J. and {Abadie}, J. and {Abbott}, B.~P. and {Abbott}, R. and 
	{Abbott}, T.~D. and {Abernathy}, M. and {Accadia}, T. and {Acernese}, F. and 
	{Adams}, C. and {Adams}, T. and et al.},
    title = "{Parameter estimation for compact binary coalescence signals with the first generation gravitational-wave detector network}",
  journal = {\prd},
archivePrefix = "arXiv",
   eprint = {1304.1775},
 primaryClass = "gr-qc",
 keywords = {Gravitational wave detectors and experiments, Numerical studies of black holes and black-hole binaries, Gravitational radiation magnetic fields and other observations, Binary and multiple stars},
     year = 2013,
    month = sep,
   volume = 88,
   number = 6,
      eid = {062001},
    pages = {062001},
      doi = {10.1103/PhysRevD.88.062001},
   adsurl = {http://adsabs.harvard.edu/abs/2013PhRvD..88f2001A},
  adsnote = {Provided by the SAO/NASA Astrophysics Data System}
}

@article{ZTF,
	Author = {S. R. Kulkarni},
	Journal = {arXiv:1202.2381},
	Title = {Cosmic Explosions (Optical Transients)},
	Year = {2012}}
